\bibitem{banoth2023}
@article{banoth2023,
  author  = {Banoth, R. and Regar, R.},
  title   = {Classical and Modern Cryptography for Beginners},
  journal = {Springer},
  year    = {2023}
}